@inproceedings{begel2014analyze,
  title={Analyze this! 145 questions for data scientists in software engineering.},
  author={Begel, Andrew and Zimmermann, Thomas},
  booktitle={ICSE},
  pages={12--13},
  year={2014}
}

@inproceedings{latoza2010hard,
  title={Hard-to-answer questions about code},
  author={LaToza, Thomas D and Myers, Brad A},
  booktitle={Evaluation and Usability of Programming Languages and Tools},
  pages={8},
  year={2010},
  organization={ACM}
}

@inproceedings{latoza2010developers,
  title={Developers ask reachability questions},
  author={LaToza, Thomas D and Myers, Brad A},
  booktitle={Proceedings of the 32nd ACM/IEEE International Conference on Software Engineering-Volume 1},
  pages={185--194},
  year={2010},
  organization={ACM}
}

@inproceedings{jovanovic2006pixy,
  title={Pixy: A static analysis tool for detecting web application vulnerabilities},
  author={Jovanovic, Nenad and Kruegel, Christopher and Kirda, Engin},
  booktitle={Security and Privacy, 2006 IEEE Symposium on},
  pages={6--pp},
  year={2006},
  organization={IEEE}
}

@inproceedings{livshits2005finding,
  title={Finding Security Vulnerabilities in Java Applications with Static Analysis.},
  author={Livshits, V Benjamin and Lam, Monica S},
  booktitle={Usenix Security},
  pages={18--18},
  year={2005}
}