@article{Bhavnani2000,
 author = {Bhavnani, Suresh K. and John, Bonnie E.},
 title = {The Strategic Use of Complex Computer Systems},
 journal = {Human-Computer Interaction},
 issue_date = {September 2000},
 volume = {15},
 number = {2},
 month = sep,
 year = {2000},
 issn = {0737-0024},
 pages = {107--137},
 numpages = {31},
 url = {http://dx.doi.org.prox.lib.ncsu.edu/10.1207/S15327051HCI1523_3},
 doi = {10.1207/S15327051HCI1523_3},
 acmid = {1463018},
} 

@article{Cockburn2014,
	author = {Cockburn, Andy and Gutwin, Carl and Scarr, Joey and Malacria, Sylvain},
	title = {Supporting Novice to Expert Transitions in User Interfaces},
	journal = {ACM Computer Survey},
	issue_date = {January 2015},
	volume = {47},
	number = {2},
	month = nov,
	year = {2014},
	issn = {0360-0300},
	pages = {31:1--31:36},
	articleno = {31},
	numpages = {36},
	url = {http://doi.acm.org/10.1145/2659796},
	doi = {10.1145/2659796},
	acmid = {2659796},
	publisher = {ACM},
	keywords = {Expertise, novice to expert transition, shortcuts},
} 

@article{Recipes2013,
	Abstract = {The article presents information on the popularity of cookbooks and culinary television programs. It states that cookbooks are the convenient way for aspiring cooks to learn new recipes, or better their cooking skills. It also discusses the connection between language and food, as one can feel the taste of a particular dish just by saying its name.},
	Author = {Orel, Brigita},
	ISSN = {14412616},
	Journal = {M/C Journal},
	Keywords = {COOKING, COOKBOOKS, FOOD, RECIPE writing (Cooking), COOKBOOK writing},
	Number = {3},
	Pages = {19},
	Title = {The Language of Food.},
	Volume = {16},
	URL = {http://proxying.lib.ncsu.edu/index.php?url=http://search.ebscohost.com.prox.lib.ncsu.edu/login.aspx?direct=true&db=ufh&AN=91902771&site=ehost-live&scope=site},
	Year = {2013},
}

@inproceedings{Smith2015,
	author = {Smith, Justin and Johnson, Brittany and Murphy-Hill, Emerson and Chu, Bill and Lipford, Heather Richter},
	title = {Questions Developers Ask While Diagnosing Potential Security Vulnerabilities with Static Analysis},
	booktitle = {Proceedings of the 2015 10th Joint Meeting on Foundations of Software Engineering},
	series = {ESEC/FSE 2015},
	year = {2015},
	isbn = {978-1-4503-3675-8},
	location = {Bergamo, Italy},
	pages = {248--259},
	numpages = {12},
	url = {http://doi.acm.org/10.1145/2786805.2786812},
	doi = {10.1145/2786805.2786812},
	acmid = {2786812},
	publisher = {ACM},
	keywords = {Developer questions, human factors, security, static analysis},
} 


@misc{FindSecurityBugs,
	key ={FindSecBugs},
	title={Find Security Bugs},
	note={\url{http://h3xstream.github.io/find-sec-bugs/}}
}

@inproceedings{Johnson2013,
	author = {Johnson, Brittany and Song, Yoonki and Murphy-Hill, Emerson and Bowdidge, Robert},
	title = {Why Don't Software Developers Use Static Analysis Tools to Find Bugs?},
	booktitle = {Proceedings of the 2013 International Conference on Software Engineering},
	series = {ICSE '13},
	year = {2013},
	isbn = {978-1-4673-3076-3},
	location = {San Francisco, CA, USA},
	pages = {672--681},
	numpages = {10},
	url = {http://dl.acm.org.prox.lib.ncsu.edu/citation.cfm?id=2486788.2486877},
	acmid = {2486877},
	publisher = {IEEE Press},
} 

@incollection{attackTrees,
	year={2006},
	isbn={978-3-540-33354-8},
	booktitle={Information Security and Cryptology - ICISC 2005},
	volume={3935},
	series={Lecture Notes in Computer Science},
	editor={Won, DongHo and Kim, Seungjoo},
	doi={10.1007/11734727_17},
	title={Foundations of Attack Trees},
	url={http://dx.doi.org/10.1007/11734727_17},
	publisher={Springer Berlin Heidelberg},
	keywords={attack trees; semantics; threat analysis},
	author={Mauw, Sjouke and Oostdijk, Martijn},
	pages={186-198},
	language={English}
}

@misc{OWASP,
	key ={zzOWASP2},
	title={OWASP},
	note={\url{http://owasp.org/index.php/Main_Page}}
}

@misc{CVE,
	key ={CVE},
	title={CVE},
	note={\url{https://cve.mitre.org/}}
}

https://cve.mitre.org/

@inproceedings{Ayewah2007,
	author = {Ayewah, Nathaniel and Pugh, William and Morgenthaler, J. David and Penix, John and Zhou, YuQian},
	title = {Evaluating Static Analysis Defect Warnings on Production Software},
	booktitle = {Proceedings of the 7th ACM SIGPLAN-SIGSOFT Workshop on Program Analysis for Software Tools and Engineering},
	series = {PASTE '07},
	year = {2007},
	isbn = {978-1-59593-595-3},
	location = {San Diego, California, USA},
	pages = {1--8},
	numpages = {8},
	url = {http://doi.acm.org/10.1145/1251535.1251536},
	doi = {10.1145/1251535.1251536},
	acmid = {1251536},
	publisher = {ACM},
	keywords = {FindBugs, Java, bug patterns, bugs, false positives, software defects, software quality, static analysis},
} 

@misc{FindBugs,
	key ={FindBugs},
	title={FindBugs},
	note={\url{http://findbugs.sourceforge.net}}
}

@inproceedings{Aside,
	author = {Thomas, Tyler and Smith, Justin and Murphy-Hill, Emerson and Chu, Bei-Tseng and Lipford, Heather},
	booktitle = {Proceedings of Visual Languages and Human Centric Computing},
	citeulike-article-id = {13703567},
	keywords = {program\_analysis, security},
	posted-at = {2015-08-15 19:08:17},
	priority = {0},
	title = {{A Study of Interactive Code Annotation for Access Control Vulnerabilities}},
	year = {2015}
}
@misc{ThreadSafe,
	key={ThreadSafe},
	title={ThreadSafe},
	note={\url{http://www.contemplateltd.com/threadsafe}}
}


@article{ayewah2008using,
	title={Using static analysis to find bugs},
	author={Ayewah, Nathaniel and Hovemeyer, David and Morgenthaler, J David and Penix, John and Pugh, William},
	journal={Software, IEEE},
	volume={25},
	number={5},
	pages={22--29},
	year={2008},
	publisher={IEEE}
}

@article{Muslu2012,
	author = {Mu\c{s}lu, K\ivan\c{c} and Brun, Yuriy and Holmes, Reid and Ernst, Michael D. and Notkin, David},
	title = {Speculative Analysis of Integrated Development Environment Recommendations},
	journal = {SIGPLAN Not.},
	issue_date = {October 2012},
	volume = {47},
	number = {10},
	month = oct,
	year = {2012},
	issn = {0362-1340},
	pages = {669--682},
	numpages = {14},
	url = {http://doi.acm.org.prox.lib.ncsu.edu/10.1145/2398857.2384665},
	doi = {10.1145/2398857.2384665},
	acmid = {2384665},
	publisher = {ACM},
	keywords = {IDE, eclipse, quick fix, quick fix dialog, quick fix scout, recommendations, speculative analysis},
} 


@inproceedings{Khoo2008,
	author = {Khoo, Yit Phang and Foster, Jeffrey S. and Hicks, Michael and Sazawal, Vibha},
	title = {Path Projection for User-centered Static Analysis Tools},
	booktitle = {Proceedings of the 8th ACM SIGPLAN-SIGSOFT Workshop on Program Analysis for Software Tools and Engineering},
	series = {PASTE '08},
	year = {2008},
	isbn = {978-1-60558-382-2},
	pages = {57--63},
	numpages = {7},
	url = {http://doi.acm.org.prox.lib.ncsu.edu/10.1145/1512475.1512488},
	doi = {10.1145/1512475.1512488},
	acmid = {1512488},
	publisher = {ACM},
} 
